

@MISC{DIN13,
  author = {{DIN 13 Teil 19}},
  title = {{Metrisches ISO-Gewinde allgemeiner Anwendung - Teil 19: Nennprofile}},
  year = {1999},
  number = {DIN 13 Teil 19},
  publisher = {Beuth Verlag GmbH},
  type = {Norm}
}


@BOOK{Huette:07,
  title = {H{\"u}tte. Das Ingenieurwissen},
  publisher = {Springer-Verlag},
  year = {2007},
  editor = {H. Czichos and M. Hennecke and {Akademischer Verein H{\"u}tte e.V.}},
  address = {Berlin}
}

@BOOK{Dubbel:05,
  title = {Dubbel - Taschenbuch f{\"u}r den Maschinenbau},
  publisher = {Springer-Verlag},
  year = {2005},
  editor = {K.-H. Grote and J. Feldhusen},
  address = {Berlin},
  edition = {21}
}
